@book{baronas2009mathematical,
  title={Mathematical modeling of biosensors: an introduction for chemists and mathematicians},
  author={Baronas, Romas and Ivanauskas, Feliksas and Kulis, IU IU and Kulys, Juozas},
  volume={9},
  year={2009},
  publisher={Springer}
}
